<record><leader>00000cas a2200000 a 4500</leader><controlfield tag="001">46845669</controlfield><controlfield tag="008">010430d1989199ucaucr ne      0    0eng c</controlfield><datafield ind1=" " ind2=" " tag="010"><subfield code="a">sn2001060409</subfield></datafield><datafield ind1=" " ind2=" " tag="040"><subfield code="a">CNK</subfield><subfield code="b">eng</subfield><subfield code="c">CNK</subfield><subfield code="d">CNK</subfield><subfield code="d">OCLCQ</subfield><subfield code="d">OCLCF</subfield><subfield code="d">OCLCO</subfield></datafield><datafield ind1="1" ind2=" " tag="029"><subfield code="a">AU@</subfield><subfield code="b">000022651673</subfield></datafield><datafield ind1=" " ind2=" " tag="042"><subfield code="a">pcc</subfield></datafield><datafield ind1=" " ind2=" " tag="043"><subfield code="a">n-us-ca</subfield></datafield><datafield ind1="0" ind2=" " tag="130"><subfield code="a">North County blade-citizen (Solana Beach, Calif. : La Costa)</subfield></datafield><datafield ind1="1" ind2="4" tag="245"><subfield code="a">The North County blade-citizen.</subfield></datafield><datafield ind1=" " ind2=" " tag="250"><subfield code="a">La Costa.</subfield></datafield><datafield ind1=" " ind2=" " tag="260"><subfield code="a">Solana Beach, Ca. :</subfield><subfield code="b">South Coast Newspapers, Inc.</subfield></datafield><datafield ind1=" " ind2=" " tag="300"><subfield code="a">v.</subfield></datafield><datafield ind1=" " ind2=" " tag="310"><subfield code="a">Semiweekly</subfield></datafield><datafield ind1="0" ind2=" " tag="362"><subfield code="a">Vol. 9, no. 42 (July 5, 1989)-</subfield></datafield><datafield ind1=" " ind2=" " tag="500"><subfield code="a">"The North County" appears in small print above "Blade-Citizen"; "La Costa" appears in smaller print left of the title, July 5, 1989-June 6, 1990; and "La Costa/Carlsbad" appears in smaller print left of the title, June 8, 1990-&lt;June 30, 1993&gt;</subfield></datafield><datafield ind1=" " ind2=" " tag="515"><subfield code="a">Numbering designation is not consistent with previous title.</subfield></datafield><datafield ind1=" " ind2=" " tag="530"><subfield code="a">Master negatives are available for duplication from:</subfield><subfield code="b">California Newspaper Microfilm Archive;</subfield><subfield code="c">positive copies may be purchased by the reel; for further information consult the CNMA at:</subfield><subfield code="u">http://cbsr.ucr.edu</subfield></datafield><datafield ind1=" " ind2="0" tag="651"><subfield code="a">La Costa (San Diego County, Calif.)</subfield><subfield code="v">Newspapers.</subfield></datafield><datafield ind1=" " ind2="0" tag="651"><subfield code="a">Carlsbad (Calif.)</subfield><subfield code="v">Newspapers.</subfield></datafield><datafield ind1=" " ind2="7" tag="655"><subfield code="a">Newspapers.</subfield><subfield code="2">fast</subfield><subfield code="0">(OCoLC)fst01423814</subfield></datafield><datafield ind1=" " ind2="7" tag="651"><subfield code="a">California</subfield><subfield code="z">Carlsbad.</subfield><subfield code="2">fast</subfield><subfield code="0">(OCoLC)fst01208495</subfield></datafield><datafield ind1=" " ind2="7" tag="651"><subfield code="a">California</subfield><subfield code="z">La Costa (San Diego County)</subfield><subfield code="2">fast</subfield><subfield code="0">(OCoLC)fst01327003</subfield></datafield><datafield ind1=" " ind2=" " tag="752"><subfield code="a">United States</subfield><subfield code="b">California</subfield><subfield code="c">San Diego</subfield><subfield code="d">Solana Beach.</subfield></datafield><datafield ind1="0" ind2=" " tag="775"><subfield code="t">North County blade-citizen</subfield><subfield code="w">(DLC)sn 91004603</subfield></datafield><datafield ind1="0" ind2="0" tag="780"><subfield code="t">Costan</subfield><subfield code="w">(DLC)sn 82004724</subfield></datafield></record>